%% This BibTeX bibliography file was created using BibDesk.
%% http://bibdesk.sourceforge.net/


%% Created for Lander at 2012-10-07 17:50:36 -0800 


%% Saved with string encoding Unicode (UTF-8) 



@book{PDEBook,
	Author = {Stanley J. Farlow},
	Date-Added = {2012-10-07 17:18:04 -0800},
	Date-Modified = {2012-10-07 17:20:13 -0800},
	Edition = {Dover Edition},
	Publisher = {Dover Publications},
	Title = {Partial Differential Equations for Scientists and Engineers},
	Year = {1993}}

@article{Zahibo,
	Abstract = {The runup of tsunami waves on the coasts of the barrow bays, channels and straits is studied in the framework of the nonlinear shallow water theory. Using the narrowness of the water channel, the one-dimensional equations are applied; they include the variable cross-section of channel. It is shown that the analytical solutions can be obtained with use of the hodograph (Legendre) transformation similar to the wave runup on the plane beach. As a result, the linear wave equation is derived and all physical variables (water displacement, fluid velocity, coordinate and time) can be determined. The dynamics of the moving shoreline (boundary of the flooding zone) is investigated in details. It is shown that all analytical formulas for the moving shoreline can be obtained explicitly. Two examples of the incident wave shapes are analysed: sine wave and parabolic pulse. The last example demonstrates that even for approaching of the crest only, the flooding can appear very quickly; then water will recede relatively slowly, and then again quickly return to the initial state. },
	Author = {Narcisse Zahibo and Efim Pelinovsky and Vladimir Golinko and Nataly Osipenko},
	Date = {2005/02/10},
	Date-Added = {2012-10-07 17:16:42 -0800},
	Date-Modified = {2012-10-07 17:16:49 -0800},
	Dp = {Pubget},
	Isbn = {0000-0000},
	Journal = {CORD Conference Proceedings},
	Journal1 = {CORD Conference Proceedings},
	La = {eng},
	Month = {02},
	Title = {Tsunami wave runup on coasts of narrow bays},
	Ty = {JOUR},
	Url = {http://pubget.com/paper/pgtmp_nlin0502020},
	Year = {2005},
	Bdsk-Url-1 = {http://pubget.com/paper/pgtmp_nlin0502020}}

@book{waterwavesintro,
	Author = {Robin Stanley Johnson},
	Date-Added = {2012-10-07 17:09:43 -0800},
	Date-Modified = {2012-10-07 17:11:08 -0800},
	Publisher = {Cambridge University Press},
	Title = {A Modern Introduction to the Mathematical Theory of Water Waves},
	Year = {1997},
	Bdsk-File-1 = {YnBsaXN0MDDUAQIDBAUIJidUJHRvcFgkb2JqZWN0c1gkdmVyc2lvblkkYXJjaGl2ZXLRBgdUcm9vdIABqAkKFRYXGyIjVSRudWxs0wsMDQ4RFFpOUy5vYmplY3RzV05TLmtleXNWJGNsYXNzog8QgASABqISE4ACgAOAB1lhbGlhc0RhdGFccmVsYXRpdmVQYXRo0hgNGRpXTlMuZGF0YU8RAi4AAAAAAi4AAgAADE1hY2ludG9zaCBIRAAAAAAAAAAAAAAAAAAAAMPi1npIKwAABW04WB9BX01vZGVybl9JbnRyb2R1Y3RpIzUxMjBGNDcucGRmAAAAAAAAAAAAAAAAAAAAAAAAAAAAAAAAAAAAAAAAAAAFEg9Hy+G5RwAAAAAAAAAAAAIAAQAACSAAAAAAAAAAAAAAAAAAAAADUkVVAAAQAAgAAMPjVQoAAAARAAgAAMviKccAAAABABAFbThYAAtWbgALVlkAAHrcAAIARU1hY2ludG9zaCBIRDpVc2VyczpsYW5kZXI6RGVza3RvcDpSRVU6QV9Nb2Rlcm5fSW50cm9kdWN0aSM1MTIwRjQ3LnBkZgAADgCIAEMAQQBfAE0AbwBkAGUAcgBuAF8ASQBuAHQAcgBvAGQAdQBjAHQAaQBvAG4AXwB0AG8AXwB0AGgAZQBfAE0AYQB0AGgAZQBtAGEAdABpAGMAYQBsAF8AVABoAGUAbwByAHkAXwBvAGYAXwBXAGEAdABlAHIAXwBXAGEAdgBlAHMALgBwAGQAZgAPABoADABNAGEAYwBpAG4AdABvAHMAaAAgAEgARAASAFxVc2Vycy9sYW5kZXIvRGVza3RvcC9SRVUvQV9Nb2Rlcm5fSW50cm9kdWN0aW9uX3RvX3RoZV9NYXRoZW1hdGljYWxfVGhlb3J5X29mX1dhdGVyX1dhdmVzLnBkZgATAAEvAAAVAAIADf//AACABdIcHR4fWCRjbGFzc2VzWiRjbGFzc25hbWWjHyAhXU5TTXV0YWJsZURhdGFWTlNEYXRhWE5TT2JqZWN0XxBJLi4vLi4vQV9Nb2Rlcm5fSW50cm9kdWN0aW9uX3RvX3RoZV9NYXRoZW1hdGljYWxfVGhlb3J5X29mX1dhdGVyX1dhdmVzLnBkZtIcHSQloiUhXE5TRGljdGlvbmFyeRIAAYagXxAPTlNLZXllZEFyY2hpdmVyAAgAEQAWAB8AKAAyADUAOgA8AEUASwBSAF0AZQBsAG8AcQBzAHYAeAB6AHwAhgCTAJgAoALSAtQC2QLiAu0C8QL/AwYDDwNbA2ADYwNwA3UAAAAAAAACAQAAAAAAAAAoAAAAAAAAAAAAAAAAAAADhw==}}

@article{Didenkulova,
	Author = {Ira Didenkulova and Efim Pelinovsky},
	Date-Added = {2012-10-07 17:03:49 -0800},
	Date-Modified = {2012-10-07 17:08:42 -0800},
	Journal = {Physics of Fluids},
	Month = {August},
	Number = {8},
	Title = {Nonlinear wave evolution and runup in an inclined channel of a parabolic cross-section},
	Volume = {23},
	Year = {2011},
	Bdsk-File-1 = {YnBsaXN0MDDUAQIDBAUIJidUJHRvcFgkb2JqZWN0c1gkdmVyc2lvblkkYXJjaGl2ZXLRBgdUcm9vdIABqAkKFRYXGyIjVSRudWxs0wsMDQ4RFFpOUy5vYmplY3RzV05TLmtleXNWJGNsYXNzog8QgASABqISE4ACgAOAB1lhbGlhc0RhdGFccmVsYXRpdmVQYXRo0hgNGRpXTlMuZGF0YU8RAZ4AAAAAAZ4AAgAADE1hY2ludG9zaCBIRAAAAAAAAAAAAAAAAAAAAMPi1npIKwAABW04WBZQaHlzIEZsdWlkcyBEaWRlbmsucGRmAAAAAAAAAAAAAAAAAAAAAAAAAAAAAAAAAAAAAAAAAAAAAAAAAAAAAAAFjhhvzBMYrwAAAAAAAAAAAAIAAQAACSAAAAAAAAAAAAAAAAAAAAADUkVVAAAQAAgAAMPjVQoAAAARAAgAAMwTiS8AAAABABAFbThYAAtWbgALVlkAAHrcAAIAPE1hY2ludG9zaCBIRDpVc2VyczpsYW5kZXI6RGVza3RvcDpSRVU6UGh5cyBGbHVpZHMgRGlkZW5rLnBkZgAOAC4AFgBQAGgAeQBzACAARgBsAHUAaQBkAHMAIABEAGkAZABlAG4AawAuAHAAZABmAA8AGgAMAE0AYQBjAGkAbgB0AG8AcwBoACAASABEABIAL1VzZXJzL2xhbmRlci9EZXNrdG9wL1JFVS9QaHlzIEZsdWlkcyBEaWRlbmsucGRmAAATAAEvAAAVAAIADf//AACABdIcHR4fWCRjbGFzc2VzWiRjbGFzc25hbWWjHyAhXU5TTXV0YWJsZURhdGFWTlNEYXRhWE5TT2JqZWN0XxAcLi4vLi4vUGh5cyBGbHVpZHMgRGlkZW5rLnBkZtIcHSQloiUhXE5TRGljdGlvbmFyeRIAAYagXxAPTlNLZXllZEFyY2hpdmVyAAgAEQAWAB8AKAAyADUAOgA8AEUASwBSAF0AZQBsAG8AcQBzAHYAeAB6AHwAhgCTAJgAoAJCAkQCSQJSAl0CYQJvAnYCfwKeAqMCpgKzArgAAAAAAAACAQAAAAAAAAAoAAAAAAAAAAAAAAAAAAACyg==}}

@article{WuYeh,
	Author = {George F. Carrier and Tai Tei Wu and Harry Yeh},
	Date-Added = {2012-10-07 17:01:30 -0800},
	Date-Modified = {2012-10-07 17:43:58 -0800},
	Journal = {Journal of Fluid Mechanics},
	Month = {January},
	Pages = {79-99},
	Title = {Tsunami Run-up and Draw-down on a plane beach},
	Volume = {475},
	Year = {2003}}

@article{Carrier,
	Author = {G.F. Carrier and H.P Greenspan},
	Date-Added = {2012-10-07 16:58:44 -0800},
	Date-Modified = {2012-10-07 17:01:14 -0800},
	Journal = {Journal of Fluid Mechanics},
	Month = {May},
	Number = {1},
	Pages = {97-109},
	Title = {Water Waves of Finite Amplitude on a Sloping Beach},
	Volume = {4},
	Year = {1958}}

@comment{BibDesk Static Groups{
<?xml version="1.0" encoding="UTF-8"?>
<!DOCTYPE plist PUBLIC "-//Apple//DTD PLIST 1.0//EN" "http://www.apple.com/DTDs/PropertyList-1.0.dtd">
<plist version="1.0">
<array>
	<dict>
		<key>group name</key>
		<string>Group1</string>
		<key>keys</key>
		<string>WuYeh,Didenkulova,Carrier</string>
	</dict>
	<dict>
		<key>group name</key>
		<string>Group2</string>
		<key>keys</key>
		<string>PDEBook,Zahibo,waterwavesintro</string>
	</dict>
</array>
</plist>
}}
